<?xml version="1.0" encoding="UTF-8"?><record xmlns="http://www.loc.gov/MARC21/slim" xmlns:cinclude="http://apache.org/cocoon/include/1.0" xmlns:zs="http://www.loc.gov/zing/srw/">
  <leader>00669cz  a2200145n  4500</leader>
  <controlfield tag="001">n  81067236 </controlfield>
  <controlfield tag="003">DLC</controlfield>
  <controlfield tag="005">20090121080355.0</controlfield>
  <controlfield tag="008">810706n| acannaabn          |a ana     c</controlfield>
  <datafield tag="010" ind1=" " ind2=" ">
    <subfield code="a">n  81067236 </subfield>
  </datafield>
  <datafield tag="035" ind1=" " ind2=" ">
    <subfield code="a">(OCoLC)oca00612589</subfield>
  </datafield>
  <datafield tag="040" ind1=" " ind2=" ">
    <subfield code="a">MnHi</subfield>
    <subfield code="b">eng</subfield>
    <subfield code="c">DLC</subfield>
    <subfield code="d">OCoLC</subfield>
  </datafield>
  <datafield tag="110" ind1="1" ind2=" ">
    <subfield code="a">Minnesota.</subfield>
    <subfield code="b">Building Code Standards Committee.</subfield>
    <subfield code="b">Commissioner's Legislative Report Committee</subfield>
  </datafield>
  <datafield tag="410" ind1="1" ind2=" ">
    <subfield code="a">Minnesota.</subfield>
    <subfield code="b">Commissioner's Legislative Report Committee</subfield>
  </datafield>
  <datafield tag="670" ind1=" " ind2=" ">
    <subfield code="a">Its Implementing and financing the state building code, 1977:</subfield>
    <subfield code="b">t.p. (Commissioner's Legislative Report Committee; subcommittee of the Building Codes Standards Committee; report submitted to Commissioner of Administration)</subfield>
  </datafield>
</record>